@inproceedings{DBLP:conf/ccs/BagariaKTFV19,
  author    = {Vivek Kumar Bagaria and
               Sreeram Kannan and
               David Tse and
               Giulia C. Fanti and
               Pramod Viswanath},
  title     = {Prism: Deconstructing the Blockchain to Approach Physical Limits},
  booktitle = {Proceedings of the 2019 {ACM} {SIGSAC} Conference on Computer and
               Communications Security, {CCS} 2019, London, UK, November 11-15, 2019},
  pages     = {585--602},
  year      = {2019},
  crossref  = {DBLP:conf/ccs/2019},
  url       = {https://doi.org/10.1145/3319535.3363213},
  doi       = {10.1145/3319535.3363213},
  timestamp = {Fri, 08 Nov 2019 12:58:49 +0100},
  biburl    = {https://dblp.org/rec/conf/ccs/BagariaKTFV19.bib},
  bibsource = {dblp computer science bibliography, https://dblp.org}
}

@proceedings{DBLP:conf/ccs/2019,
  editor    = {Lorenzo Cavallaro and
               Johannes Kinder and
               XiaoFeng Wang and
               Jonathan Katz},
  title     = {Proceedings of the 2019 {ACM} {SIGSAC} Conference on Computer and
               Communications Security, {CCS} 2019, London, UK, November 11-15, 2019},
  publisher = {{ACM}},
  year      = {2019},
  url       = {https://doi.org/10.1145/3319535},
  doi       = {10.1145/3319535},
  isbn      = {978-1-4503-6747-9},
  timestamp = {Fri, 08 Nov 2019 12:58:36 +0100},
  biburl    = {https://dblp.org/rec/conf/ccs/2019.bib},
  bibsource = {dblp computer science bibliography, https://dblp.org}
}


